<record><leader>00000cas a2200000 a 4500</leader><controlfield tag="001">10498345</controlfield><controlfield tag="008">840308d18191829pauwr ne      0    0eng d</controlfield><datafield ind1=" " ind2=" " tag="010"><subfield code="a">sn 84026510 </subfield></datafield><datafield ind1=" " ind2=" " tag="040"><subfield code="a">NPU</subfield><subfield code="b">eng</subfield><subfield code="c">NPU</subfield><subfield code="d">NPH</subfield><subfield code="d">NPY</subfield><subfield code="d">DLC</subfield><subfield code="d">NPX</subfield><subfield code="d">NPH</subfield><subfield code="d">KNP</subfield><subfield code="d">WAU</subfield><subfield code="d">OCL</subfield><subfield code="d">OCLCG</subfield><subfield code="d">OCLCQ</subfield><subfield code="d">OCLCF</subfield><subfield code="d">OCLCO</subfield></datafield><datafield ind1=" " ind2=" " tag="042"><subfield code="a">msc</subfield></datafield><datafield ind1=" " ind2=" " tag="043"><subfield code="a">n-us-pa</subfield></datafield><datafield ind1="0" ind2=" " tag="130"><subfield code="a">Genius of liberty (Uniontown, Pa. : 1819)</subfield></datafield><datafield ind1="1" ind2="4" tag="245"><subfield code="a">The genius of liberty.</subfield></datafield><datafield ind1="1" ind2="3" tag="246"><subfield code="a">Genius of liberty and American observer</subfield></datafield><datafield ind1=" " ind2=" " tag="260"><subfield code="a">Union [i.e. Uniontown, Pa.] :</subfield><subfield code="b">Bouvier &amp; Austin</subfield></datafield><datafield ind1=" " ind2=" " tag="300"><subfield code="a">v.</subfield></datafield><datafield ind1=" " ind2=" " tag="310"><subfield code="a">Weekly</subfield></datafield><datafield ind1="1" ind2=" " tag="362"><subfield code="a">Began in 1819; ceased in 1829?</subfield><subfield code="z">Cf. Brigham, C.S. Amer. newspapers.</subfield></datafield><datafield ind1="0" ind2=" " tag="362"><subfield code="a">-v. 3, no. 115 (July 18, 1820) ; v. 1, no. 1 (July 25, 1820)-</subfield></datafield><datafield ind1=" " ind2=" " tag="500"><subfield code="a">Subtitle varies: Genius of liberty and American observer, &lt;1825&gt;. Cf. Ellis Franklin, Hist. of Fayette County, Pa.</subfield></datafield><datafield ind1=" " ind2=" " tag="500"><subfield code="a">Publishers: Bouvier &amp; Austin, 1819-1820; Thomas Patton, 1820-1826; Whitton and Redick, &lt;1829&gt;.</subfield></datafield><datafield ind1="4" ind2=" " tag="510"><subfield code="a">Brigham, C.S. Amer. newspapers,</subfield><subfield code="c">p. 978</subfield></datafield><datafield ind1=" " ind2=" " tag="588"><subfield code="a">Description based on: Vol. 2, no. 53 (Apr. 20, 1819).</subfield></datafield><datafield ind1=" " ind2="0" tag="651"><subfield code="a">Uniontown (Fayette County, Pa.)</subfield><subfield code="v">Newspapers.</subfield></datafield><datafield ind1=" " ind2="7" tag="655"><subfield code="a">Newspapers.</subfield><subfield code="2">fast</subfield><subfield code="0">(OCoLC)fst01423814</subfield></datafield><datafield ind1=" " ind2="7" tag="651"><subfield code="a">Pennsylvania</subfield><subfield code="z">Uniontown (Fayette County)</subfield><subfield code="2">fast</subfield><subfield code="0">(OCoLC)fst01312497</subfield></datafield><datafield ind1="1" ind2=" " tag="700"><subfield code="a">Bouvier, John,</subfield><subfield code="d">1787-1851.</subfield></datafield><datafield ind1="1" ind2=" " tag="700"><subfield code="a">Austin, John Morse,</subfield><subfield code="d">1783-1863.</subfield></datafield><datafield ind1="1" ind2=" " tag="700"><subfield code="a">Patton, Thomas.</subfield></datafield><datafield ind1=" " ind2=" " tag="752"><subfield code="a">United States</subfield><subfield code="b">Pennsylvania</subfield><subfield code="c">Fayette</subfield><subfield code="d">Uniontown.</subfield></datafield><datafield ind1="0" ind2="0" tag="780"><subfield code="t">Genius of liberty and American telegraph</subfield><subfield code="w">(DLC)sn 84026517</subfield><subfield code="w">(OCoLC)10498365</subfield></datafield><datafield ind1="0" ind2="0" tag="785"><subfield code="t">Genius of liberty and Fayette &amp; Greene advertiser</subfield><subfield code="w">(DLC)sn 85054551</subfield><subfield code="w">(OCoLC)11992164</subfield></datafield></record>